<?xml version="1.0" encoding="UTF-8"?>
<collection xmlns:xsi="http://www.w3.org/2001/XMLSchema-instance" xsi:schemaLocation="http://www.loc.gov/MARC21/slim http://www.loc.gov/standards/marcxml/schema/MARC21slim.xsd" xmlns="http://www.loc.gov/MARC21/slim">
<record>
  <leader>01151cam a2200229 i 4500</leader>
  <controlfield tag="001">2871503</controlfield>
  <controlfield tag="003">NNC</controlfield>
  <controlfield tag="005">20130425234722.0</controlfield>
  <controlfield tag="008">900710s1937    ua            000 0 arar </controlfield>
  <datafield tag="010" ind1=" " ind2=" ">
    <subfield code="a">   75549803 </subfield>
  </datafield>
  <datafield tag="035" ind1=" " ind2=" ">
    <subfield code="a">(OCoLC)ocm21986433</subfield>
  </datafield>
  <datafield tag="035" ind1=" " ind2=" ">
    <subfield code="9">ASA6086CU</subfield>
  </datafield>
  <datafield tag="035" ind1=" " ind2=" ">
    <subfield code="a">(NNC)2871503</subfield>
  </datafield>
  <datafield tag="040" ind1=" " ind2=" ">
    <subfield code="a">DLC</subfield>
    <subfield code="c">WAU</subfield>
    <subfield code="d">WAU</subfield>
    <subfield code="d">ZCU</subfield>
  </datafield>
  <datafield tag="050" ind1="0" ind2=" ">
    <subfield code="a">BP75.2</subfield>
    <subfield code="b">I234 1937</subfield>
  </datafield>
  <datafield tag="100" ind1="1" ind2=" ">
    <subfield code="a">Ibn Sayyid al-Nās, Muḥammad ibn Muḥammad,</subfield>
    <subfield code="d">1273?-1334.</subfield>
  </datafield>
  <datafield tag="245" ind1="1" ind2="0">
    <subfield code="a">ʻUyūn al-athar fī funūn al-maghāzī wa-shamāʾil wa-al-siyar /</subfield>
    <subfield code="c">li-Ibn Sayyid al-Nās. Wa-maʻahu Iqtibās al-Iqtibās li-ḥall mushkilat Sīrat Ibn Sayyid al-Nās / li-Ibn ʻAbd al-Hādī, ʻan nuskhah al-Amīr Ṭāhir ḥafīd al-Amīr ʻAbd al-Qādir al-Jazāʾirī, maʻa muqābila bi-nuskhat Dār al-Kutub al-Ẓāhirīyah bi-Dimashq wa-murājaʻat al-mushkil fī naskh Dār al-Kutub al-Miṣrīyah.</subfield>
  </datafield>
  <datafield tag="260" ind1=" " ind2=" ">
    <subfield code="a">al-Qāhirah :</subfield>
    <subfield code="b">Maktabat al-Qudsī,</subfield>
    <subfield code="c">1356 [1937 or 8]</subfield>
  </datafield>
  <datafield tag="300" ind1=" " ind2=" ">
    <subfield code="a">2 v. in 1 ;</subfield>
    <subfield code="c">26 cm.</subfield>
  </datafield>
  <datafield tag="600" ind1="0" ind2="0">
    <subfield code="a">Muḥammad,</subfield>
    <subfield code="c">Prophet,</subfield>
    <subfield code="d">-632.</subfield>
  </datafield>
  <datafield tag="700" ind1="1" ind2="2">
    <subfield code="a">Ibn al-Mibrad, Yūsuf ibn Ḥasan,</subfield>
    <subfield code="d">1436 or 1437-1503.</subfield>
    <subfield code="t">Iqtibās.</subfield>
    <subfield code="k">Selections.</subfield>
    <subfield code="f">1973.</subfield>
  </datafield>
  <datafield tag="955" ind1=" " ind2=" ">
    <subfield code="b">CU55309828</subfield>
    <subfield code="d">off,glx</subfield>
    <subfield code="e">BP75.2 I234 1937</subfield>
  </datafield>
</record>
</collection>